<record><leader>00000cas a2200000 a 4500</leader><controlfield tag="001">5573258</controlfield><controlfield tag="008">791022d1856186unyuwr ne      0    0eng c</controlfield><datafield ind1=" " ind2=" " tag="010"><subfield code="a">sn 83030743 </subfield></datafield><datafield ind1=" " ind2=" " tag="040"><subfield code="a">IAZ</subfield><subfield code="b">eng</subfield><subfield code="c">IAZ</subfield><subfield code="d">NYS</subfield><subfield code="d">NPU</subfield><subfield code="d">DLC</subfield><subfield code="d">NST</subfield><subfield code="d">NYG</subfield><subfield code="d">DLC</subfield><subfield code="d">NST</subfield><subfield code="d">MGN</subfield><subfield code="d">NYS</subfield><subfield code="d">DLC</subfield><subfield code="d">NVK</subfield><subfield code="d">DLC</subfield><subfield code="d">CVF</subfield><subfield code="d">KRTAS</subfield><subfield code="d">OCLCQ</subfield><subfield code="d">OCLCF</subfield><subfield code="d">OCLCO</subfield></datafield><datafield ind1=" " ind2=" " tag="012"><subfield code="i">9010</subfield></datafield><datafield ind1=" " ind2=" " tag="019"><subfield code="a">1604554</subfield></datafield><datafield ind1="1" ind2=" " tag="029"><subfield code="a">AU@</subfield><subfield code="b">000020126970</subfield></datafield><datafield ind1=" " ind2=" " tag="042"><subfield code="a">pcc</subfield></datafield><datafield ind1=" " ind2=" " tag="043"><subfield code="a">n-us-ny</subfield></datafield><datafield ind1=" " ind2="4" tag="050"><subfield code="a">SF321</subfield><subfield code="b">.P6</subfield></datafield><datafield ind1="0" ind2="0" tag="245"><subfield code="a">Porter's spirit of the times.</subfield></datafield><datafield ind1="1" ind2="7" tag="246"><subfield code="a">Spirit of the times</subfield></datafield><datafield ind1=" " ind2=" " tag="260"><subfield code="a">New York :</subfield><subfield code="b">W.T. Porter,</subfield><subfield code="c">1856-</subfield></datafield><datafield ind1=" " ind2=" " tag="300"><subfield code="a">v.</subfield></datafield><datafield ind1=" " ind2=" " tag="310"><subfield code="a">Weekly</subfield></datafield><datafield ind1="0" ind2=" " tag="362"><subfield code="a">Vol. 1, no. 1 (Sept. 6, 1856)-</subfield></datafield><datafield ind1=" " ind2=" " tag="580"><subfield code="a">Appeared concurrently with: Spirit of the times, New York, N.Y. : 1837), Sept. 6, 1856-June 22, 1861; and with: Wilkes' spirit of the times, Sept. 17, 1859-&lt;Nov. 2, 1861&gt;.</subfield></datafield><datafield ind1=" " ind2="0" tag="651"><subfield code="a">New York (N.Y.)</subfield><subfield code="v">Newspapers.</subfield></datafield><datafield ind1=" " ind2="0" tag="651"><subfield code="a">New York County (N.Y.)</subfield><subfield code="v">Newspapers.</subfield></datafield><datafield ind1=" " ind2="7" tag="655"><subfield code="a">Newspapers.</subfield><subfield code="2">fast</subfield><subfield code="0">(OCoLC)fst01423814</subfield></datafield><datafield ind1=" " ind2="7" tag="651"><subfield code="a">New York (State)</subfield><subfield code="z">New York.</subfield><subfield code="2">fast</subfield><subfield code="0">(OCoLC)fst01204333</subfield></datafield><datafield ind1=" " ind2="7" tag="651"><subfield code="a">New York (State)</subfield><subfield code="z">New York County.</subfield><subfield code="2">fast</subfield><subfield code="0">(OCoLC)fst01234953</subfield></datafield><datafield ind1=" " ind2=" " tag="752"><subfield code="a">United States</subfield><subfield code="b">New York</subfield><subfield code="c">New York</subfield><subfield code="d">New York.</subfield></datafield><datafield ind1="1" ind2=" " tag="787"><subfield code="t">Spirit of the times</subfield><subfield code="c">(New York, N.Y. : 1837)</subfield><subfield code="w">(DLC)sn 83030742</subfield><subfield code="w">(OCoLC)2268039</subfield></datafield><datafield ind1="1" ind2=" " tag="787"><subfield code="t">Wilkes' spirit of the times</subfield><subfield code="w">(DLC)sn 83030745</subfield><subfield code="w">(OCoLC)5573115</subfield></datafield><datafield ind1="0" ind2="8" tag="776"><subfield code="i">Online version:</subfield><subfield code="t">Porter's spirit of the times</subfield><subfield code="w">(OCoLC)821203140</subfield></datafield><datafield ind1=" " ind2=" " tag="850"><subfield code="a">DeU</subfield><subfield code="a">ViU</subfield></datafield><datafield ind1=" " ind2=" " tag="938"><subfield code="a">Kirtas Technologies, Inc.</subfield><subfield code="b">KRTS</subfield><subfield code="n">735835</subfield></datafield></record>